<?xml version="1.0" encoding="UTF-8"?><collection xmlns="http://www.loc.gov/MARC21/slim"><record><leader>00446nam--2200169-u-4500</leader><controlfield tag="001">000051777</controlfield><controlfield tag="002">20161230</controlfield><controlfield tag="005">20170108232025</controlfield><controlfield tag="008">081001s1000------------r-----000-0-eng-d</controlfield><datafield ind1=" " ind2=" " tag="040"><subfield code="a">IFIN-HH</subfield></datafield><datafield ind1="1" ind2=" " tag="100"><subfield code="a">Mikhlin, S. G</subfield></datafield><datafield ind1="1" ind2="0" tag="245"><subfield code="a">Priblizhennye Metody Resheniya Differentsialnykh i Integralnykh Uravnenii</subfield></datafield><datafield ind1=" " ind2=" " tag="260"><subfield code="a">Moskva</subfield><subfield code="b">Nauka</subfield></datafield><datafield ind1=" " ind2=" " tag="300"><subfield code="a">383 p</subfield></datafield><datafield ind1=" " ind2=" " tag="700"><subfield code="a">Smolitskii, Kh. L</subfield></datafield><datafield ind1=" " ind2=" " tag="852"><subfield code="a">21183</subfield><subfield code="c">517.9</subfield></datafield><datafield ind1=" " ind2=" " tag="CAT"><subfield code="a">SYS</subfield><subfield code="c">20170108</subfield><subfield code="h">232025</subfield></datafield></record></collection>